
@BOOK{GTC,
title = { An Introduction to Computer Simulation Methods
Applications to Physical System } ,
publisher = { Addison-Wesley; 3rd edition },
year = {2001},
author = {Harvey Gould, Jan Tobochnik, and Wolfgang Christian}
}


@BOOK{FPU,
title = {The Fermi-Pasta-Ulam Problem} ,
publisher = {Springer},
year = {2008},
author = {G. Gavallotti et al.}
}



